@misc{van2014density,
  title={Density functional theory across chemistry, physics and biology},
  author={Van Mourik, Tanja and B{\"u}hl, Michael and Gaigeot, Marie-Pierre},
  journal={Philosophical Transactions of the Royal Society A: Mathematical, Physical and Engineering Sciences},
  volume={372},
  number={2011},
  pages={20120488},
  year={2014},
  publisher={The Royal Society Publishing}
}

@misc{ashtekar2004revisiting,
  title={Revisiting the Foundations of Relativistic Physics: Festschrift in Honor of John Stachel},
  author={Ashtekar, Abhay and Cohen, Robert S and Howard, Don and Renn, J{\"u}rgen and Sarkar, Sahotra and Shimony, Abner},
  year={2004},
  publisher={American Association of Physics Teachers}
}


@Book{hall2013quantum,
  author          = {Brain C. Hall},
  title           = {Quantum Theory for Mathematicians},
  year            = {2013},
  OPTkey          = {},
  OPTeditor       = {},
  OPTeditora      = {},
  OPTeditorb      = {},
  OPTeditorc      = {},
  OPTtranslator   = {},
  OPTannotator    = {},
  OPTcommentator  = {},
  OPTintroduction = {},
  OPTforeword     = {},
  OPTafterword    = {},
  OPTsubtitle     = {},
  OPTtitleaddon   = {},
  OPTmaintitle    = {},
  OPTmainsubtitle = {},
  OPTmaintitleaddon = {},
  OPTlanguage     = {},
  OPToriglanguage = {},
  OPTvolume       = {},
  OPTpart         = {},
  edition      = {1},
  OPTvolumes      = {},
  OPTseries       = {},
  OPTnumber       = {},
  OPTnote         = {},
  publisher    = {Springer New York, NY},
  OPTlocation     = {},
  isbn         = {978-1461471158},
  OPTeid          = {},
  OPTchapter      = {},
  OPTpages        = {305--331},
  OPTpagetotal    = {},
  OPTaddendum     = {},
  OPTpubstate     = {},
  OPTeprint       = {},
  OPTeprintclass  = {},
  OPTeprinttype   = {},
  dio             = {https://doi.org/10.1007/978-1-4614-7116-5},
  OPTurldate      = {},
  OPTannote       = {}
}

@misc{wiki:wkb,
  title = {WKB approximation},
  author= {Wikipedia},
  year={2022},
  url = {https://en.wikipedia.org/wiki/WKB_approximation},
  note = {[Online; accessed 10-August-2022]}
}

@misc{math:newton,
  title = {Newton's Method},
  year = {2022},
  author= {Weisstein, Eric W.},
  location={From MathWorld--A Wolfram Web Resource},
  url = {https://mathworld.wolfram.com/NewtonsMethod.html},
  note = {[Online; accessed 10-August-2022]}
}

@misc{wiki:integration-methods,
  title = {Numerical integration},
  author= {Wikipedia},
  year={2022},
  url = {https://en.wikipedia.org/wiki/Numerical_integration},
  note = {[Online; accessed 10-August-2022]}
}

@misc{rust:f64:epsilon,
  title = {Constant std::f64::EPSILON},
  author = {rust-lang},
  url = {https://doc.rust-lang.org/std/f64/constant.EPSILON.html},
  year = {2022},
  note = {[Online; accessed 18-August-2022]}
}

@misc{boost:calculating-derivative,
  title = {Calculating a {{Derivative}} - 1.58.0},
  url = {https://www.boost.org/doc/libs/1_58_0/libs/multiprecision/doc/html/boost_multiprecision/tut/floats/fp_eg/nd.html},
  note= {[Online; Acessed 1-December-2022]},
  file = {/home/gianl/Zotero/storage/LVXBCXFF/nd.html},
  author= {John Maddock, Christopher Kormanyos},
  year={2022}
}

@article{gaarder2016gravitational,
  title={The gravitational constant and the Planck units. A simplification of the quantum realm},
  author={Gaarder Haug, Espen},
  journal={Physics Essays},
  volume={29},
  number={4},
  pages={558--561},
  year={2016},
  publisher={Physics Essays Publication}
}

@misc{CODATAValuePlanckTime,
  title = {{{CODATA Value}}: {{Planck}} Time},
  author={CODATA},
  year={2022},
  url = {https://physics.nist.gov/cgi-bin/cuu/Value?plkt},
  note = {[Online; accessed 22-October-2022]},
  file = {/home/gianl/Zotero/storage/AZX6MNJB/Value.html}
}

@misc{CODATAValuePlanckLength,
  title = {{{CODATA Value}}: {{Planck}} Length},
  author={CODATA},
  year={2022},
  note = {[Online; accessed 22-October-2022]},
  url = {https://physics.nist.gov/cgi-bin/cuu/Value?plkl},
  file = {/home/gianl/Zotero/storage/YJLR9T7Z/Value.html}
}

@misc{CODATAValuePlanckMass,
  title = {{{CODATA Value}}: {{Planck}} Mass},
  author={CODATA},
  year={2022},
  url = {https://physics.nist.gov/cgi-bin/cuu/Value?plkm},
  note = {[Online; accessed 22-October-2022]},
  file = {/home/gianl/Zotero/storage/GJGEI5EX/Value.html}
}

@book{dewitt2015many,
  title={The many-worlds interpretation of quantum mechanics},
  author={DeWitt, Bryce Seligman and Graham, Neill},
  volume={63},
  year={2015},
  publisher={Princeton University Press}
}

@article{winitzki2005cosmological,
  title={Cosmological particle production and the precision of the WKB approximation},
  author={Winitzki, Sergei},
  journal={Physical Review D},
  volume={72},
  number={10},
  pages={104011},
  year={2005},
  publisher={APS}
}

@Misc{zwiebach2018lecture,
  author       = {Barton Zwiebach},
  title           = {MIT 8.06 Quantum Physics III},
  year          = {2018},
  subtitle     = {L7.3 Validity of the WKB approximation},
  OPTtitleaddon   = {},
  OPTlanguage     = {},
  OPThowpublished = {},
  OPTtype         = {},
  OPTversion      = {},
  OPTorganization = {},
  OPTlocation     = {},
  OPTmonth        = {},
  OPTaddendum     = {},
  OPTpubstate     = {},
  OPTdoi          = {},
  OPTeprint       = {},
  OPTeprintclass  = {},
  OPTeprinttype   = {},
  url          = {https://ocw.mit.edu/courses/8-06-quantum-physics-iii-spring-2018/resources/l7-3/},
  note = {[Online; accessed 1-December-2022]},
  OPTurldate      = {},
  OPTannote       = {}
}

@article{schrodinger1935gegenwartige,
  title={Die gegenw\"artige Situation in der Quantenmechanik},
  author={Schr\"odinger, Erwin},
  journal={Naturwissenschaften},
  volume={23},
  year={1935}
}

@Misc{robert2020wkb,
  author       = {Robert G. Littlejohn},
  title           = {Physics 221A},
  year          = {2020},
  subtitle     = {The WKB Method},
  OPTtitleaddon   = {},
  OPTlanguage     = {},
  OPThowpublished = {},
  OPTtype         = {},
  OPTversion      = {},
  note         = {[Online; accessed 11-July-2022]},
  OPTorganization = {},
  OPTlocation     = {},
  OPTmonth        = {},
  OPTaddendum     = {},
  OPTpubstate     = {},
  OPTdoi          = {},
  OPTeprint       = {},
  OPTeprintclass  = {},
  OPTeprinttype   = {},
  url          = {https://www.pas.rochester.edu/~passage/resources/prelim/Quantum/UCB\%20Notes/7\%20wkb.pdf},
  OPTurldate      = {},
  OPTannote       = {}
}

@misc{perf2022manula,
author = {{Linux Kernel Organization}},
title = {Perf Manual Page},
titleadon = {PERF(1)},
version = {perf 6.0-2},
year = {2022},
month = {April},
url = {https://man.archlinux.org/man/perf.1},
note = {[Copy, Online; accessed 20-November-2022]}
}

@misc{perfstat2022manula,
author = {{Linux Kernel Organization}},
title = {Perf Stat Manual Page},
titleadon = {PERF-STAT(1)},
version = {perf 6.0-2},
year = {2022},
month = {April},
url = {https://man.archlinux.org/man/perf-stat.1.en},
note = {[Copy, Online; accessed 20-November-2022]}
}

@misc{perfrecodrd2022manual,
author = {{Linux Kernel Organization}},
title = {Perf Record Manual Page},
titleadon = {PERF-RECORD(1)},
version = {perf 6.0-2},
year = {2022},
month = {April},
url = {https://man.archlinux.org/man/perf-record.1.en},
note = {[Copy, Online; accessed 20-November-2022]}
}

@misc{rayonreadme,
author = {{rayon-rs}},
title = {Rayon},
year = {2022},
month = {November},
url = {https://github.com/rayon-rs/rayon},
note = {[Commit 8e48eae53e969f328ef41f8d6977bb8cb7084bec; Online; accessed 23-November-2022]}
}

@Unpublished{rustlang2022nomicon,
  author          = {{rust-lang}},
  title           = {The Rustonomicon},
  year            = {2022},
  month            = {November},
  OPTkey          = {},
  OPTsubtitle     = {},
  OPTtitleaddon   = {},
  OPTtype         = {},
  OPTeventtitle   = {},
  OPTeventtitleaddon = {},
  OPTeventdate    = {},
  OPTvenue        = {},
  OPTlanguage     = {},
  OPThowpublished = {},
  note         = {[Commit ae406aa5287a9e025abb72343aaceec98458c117; Online; accessed 30-November-2022]},
  OPTlocation     = {},
  OPTisbn         = {},
  OPTmonth        = {},
  OPTaddendum     = {},
  OPTpubstate     = {},
  OPTdoi          = {},
  OPTeprint       = {},
  OPTeprintclass  = {},
  OPTeprinttype   = {},
  url          = {https://doc.rust-lang.org/nomicon/send-and-sync.html},
  OPTurldate      = {},
  OPTannote       = {}
}


@Misc{wolfram2022description,
  author       = {Wolfram},
  title           = {Wolfram Mathematica},
  year          = {2022},
  OPTsubtitle     = {},
  OPTtitleaddon   = {},
  OPTlanguage     = {},
  OPThowpublished = {},
  OPTtype         = {},
  OPTversion      = {},
  note = {[Online; accessed 1-December-2022]},
  OPTorganization = {},
  OPTlocation     = {},
  OPTmonth        = {},
  OPTaddendum     = {},
  OPTpubstate     = {},
  OPTdoi          = {},
  OPTeprint       = {},
  OPTeprintclass  = {},
  OPTeprinttype   = {},
  url          = {https://www.wolfram.com/mathematica/},
  OPTurldate      = {},
  OPTannote       = {}
}
