@misc{van2014density,
  title={Density functional theory across chemistry, physics and biology},
  author={Van Mourik, Tanja and B{\"u}hl, Michael and Gaigeot, Marie-Pierre},
  journal={Philosophical Transactions of the Royal Society A: Mathematical, Physical and Engineering Sciences},
  volume={372},
  number={2011},
  pages={20120488},
  year={2014},
  publisher={The Royal Society Publishing}
}

@misc{ashtekar2004revisiting,
  title={Revisiting the Foundations of Relativistic Physics: Festschrift in Honor of John Stachel},
  author={Ashtekar, Abhay and Cohen, Robert S and Howard, Don and Renn, J{\"u}rgen and Sarkar, Sahotra and Shimony, Abner},
  year={2004},
  publisher={American Association of Physics Teachers}
}


@Book{hall2013quantum,
  author          = {Brain C. Hall},
  title           = {Quantum Theory for Mathematicians},
  year            = {2013},
  OPTkey          = {},
  OPTeditor       = {},
  OPTeditora      = {},
  OPTeditorb      = {},
  OPTeditorc      = {},
  OPTtranslator   = {},
  OPTannotator    = {},
  OPTcommentator  = {},
  OPTintroduction = {},
  OPTforeword     = {},
  OPTafterword    = {},
  OPTsubtitle     = {},
  OPTtitleaddon   = {},
  OPTmaintitle    = {},
  OPTmainsubtitle = {},
  OPTmaintitleaddon = {},
  OPTlanguage     = {},
  OPToriglanguage = {},
  OPTvolume       = {},
  OPTpart         = {},
  edition      = {1},
  OPTvolumes      = {},
  OPTseries       = {},
  OPTnumber       = {},
  OPTnote         = {},
  publisher    = {Springer New York, NY},
  OPTlocation     = {},
  isbn         = {978-1461471158},
  OPTeid          = {},
  OPTchapter      = {},
  OPTpages        = {305--331},
  OPTpagetotal    = {},
  OPTaddendum     = {},
  OPTpubstate     = {},
  doi          = {https://doi.org/10.1007/978-1-4614-7116-5},
  OPTeprint       = {},
  OPTeprintclass  = {},
  OPTeprinttype   = {},
  OPTurl          = {},
  OPTurldate      = {},
  OPTannote       = {}
}

@misc{wiki:wkb,
  title = {WKB approximation},
  author= {Wkipedia},
  year={2022},
  url = {\url{https://en.wikipedia.org/wiki/WKB_approximation}},
  note = {[Online; accessed 10-August-2022]}
}

@misc{math:newton,
  title = {Newton's Method},
  author= {Weisstein, Eric W.},
  location={From MathWorld--A Wolfram Web Resource},
  url = {\url{https://mathworld.wolfram.com/NewtonsMethod.html}},
  note = {[Online; accessed 10-August-2022]}
}
